<record><leader>00000cas a2200000 a 4500</leader><controlfield tag="001">41485486</controlfield><controlfield tag="008">990604d194719uuvtumr ne      0    0eng c</controlfield><datafield ind1=" " ind2=" " tag="010"><subfield code="a">sn 99067859 </subfield></datafield><datafield ind1=" " ind2=" " tag="040"><subfield code="a">NVN</subfield><subfield code="b">eng</subfield><subfield code="c">NVN</subfield><subfield code="d">OCLCQ</subfield><subfield code="d">OCLCF</subfield><subfield code="d">OCLCO</subfield></datafield><datafield ind1="1" ind2=" " tag="029"><subfield code="a">AU@</subfield><subfield code="b">000020230415</subfield></datafield><datafield ind1=" " ind2=" " tag="042"><subfield code="a">pcc</subfield></datafield><datafield ind1=" " ind2=" " tag="043"><subfield code="a">n-us-vt</subfield></datafield><datafield ind1="0" ind2=" " tag="130"><subfield code="a">Issue (Saxtons River, Vt.)</subfield></datafield><datafield ind1="1" ind2="0" tag="245"><subfield code="a">Issue.</subfield></datafield><datafield ind1=" " ind2=" " tag="260"><subfield code="a">Saxtons River, Vt. :</subfield><subfield code="b">Citizens Temperance League of Vermont</subfield></datafield><datafield ind1=" " ind2=" " tag="300"><subfield code="a">v.</subfield></datafield><datafield ind1=" " ind2=" " tag="310"><subfield code="a">Monthly</subfield></datafield><datafield ind1="0" ind2=" " tag="362"><subfield code="a">Vol. 47, no. 1 (Feb. 1947)-</subfield></datafield><datafield ind1=" " ind2=" " tag="500"><subfield code="a">"Voice of the Citizens Temperance League of Vermont."</subfield></datafield><datafield ind1=" " ind2="0" tag="650"><subfield code="a">Alcoholism</subfield><subfield code="z">Vermont</subfield><subfield code="v">Newspapers.</subfield></datafield><datafield ind1=" " ind2="0" tag="650"><subfield code="a">Temperance</subfield><subfield code="z">Vermont</subfield><subfield code="v">Newspapers.</subfield></datafield><datafield ind1=" " ind2="0" tag="651"><subfield code="a">Vermont</subfield><subfield code="v">Newspapers.</subfield></datafield><datafield ind1=" " ind2="7" tag="655"><subfield code="a">Newspapers.</subfield><subfield code="2">fast</subfield><subfield code="0">(OCoLC)fst01423814</subfield></datafield><datafield ind1=" " ind2="7" tag="650"><subfield code="a">Alcoholism.</subfield><subfield code="2">fast</subfield><subfield code="0">(OCoLC)fst00804461</subfield></datafield><datafield ind1=" " ind2="7" tag="650"><subfield code="a">Temperance.</subfield><subfield code="2">fast</subfield><subfield code="0">(OCoLC)fst01147309</subfield></datafield><datafield ind1=" " ind2="7" tag="651"><subfield code="a">Vermont.</subfield><subfield code="2">fast</subfield><subfield code="0">(OCoLC)fst01204305</subfield></datafield><datafield ind1=" " ind2=" " tag="752"><subfield code="a">United States</subfield><subfield code="b">Vermont</subfield><subfield code="c">Windham</subfield><subfield code="d">Saxtons River.</subfield></datafield><datafield ind1="0" ind2="0" tag="780"><subfield code="t">Vermont issue</subfield><subfield code="w">(DLC)sn 90000528</subfield><subfield code="w">(OCoLC)22529130</subfield></datafield></record>